<record xmlns="http://www.loc.gov/MARC21/slim" xmlns:xsi="http://www.w3.org/2001/XMLSchema-instance" xsi:schemaLocation="http://www.loc.gov/MARC21/slim http://www.loc.gov/standards/marcxml/schema/MARC21slim.xsd"><leader>     nam a22        4500</leader><controlfield tag="001">4510848</controlfield><controlfield tag="003">NIC</controlfield><controlfield tag="006">m        d        </controlfield><controlfield tag="007">cr cn |||m|||a</controlfield><controlfield tag="008">150316m19699999iq ach  o     000 0 arard</controlfield><datafield ind1=" " ind2=" " tag="040"><subfield code="a">NNU</subfield><subfield code="b">eng</subfield><subfield code="e">rda</subfield><subfield code="c">NNU</subfield></datafield><datafield ind1=" " ind2="4" tag="050"><subfield code="a">BT1405</subfield><subfield code="b">.D712</subfield></datafield><datafield ind1="1" ind2=" " tag="100"><subfield code="a">Drower, E. S.</subfield><subfield code="q">(Ethel Stefana),</subfield><subfield code="c">Lady,</subfield><subfield code="d">1879-1972.</subfield></datafield><datafield ind1="1" ind2="3" tag="245"><subfield code="6">880-01</subfield><subfield code="a">al-S&#803;a&#772;bi&#700;ah al-Manda&#772;&#700;i&#772;yu&#772;n,</subfield><subfield code="c">ta&#700;li&#772;f al-Laydi&#772; Dira&#772;wawr, tarjamah Na&#699;i&#772;m Badawi&#772; wa-Ghad&#803;ba&#772;n Ru&#772;mi&#772;.</subfield></datafield><datafield ind1=" " ind2=" " tag="260"><subfield code="6">880-02</subfield><subfield code="a">Baghda&#772;d,</subfield><subfield code="b">Maktabat al-Andalus,</subfield><subfield code="c">1969-</subfield></datafield><datafield ind1=" " ind2=" " tag="300"><subfield code="a">online resource (volumes) :</subfield><subfield code="b">illustrations, facsimiles, portrait</subfield></datafield><datafield ind1=" " ind2=" " tag="336"><subfield code="a">text</subfield><subfield code="2">rdacontent</subfield></datafield><datafield ind1=" " ind2=" " tag="337"><subfield code="a">computer</subfield><subfield code="2">rdamedia</subfield></datafield><datafield ind1=" " ind2=" " tag="338"><subfield code="a">online resource</subfield><subfield code="2">rdacarrier</subfield></datafield><datafield ind1=" " ind2=" " tag="500"><subfield code="a">Translation of Mandaeans of Iraq and Iran.</subfield></datafield><datafield ind1=" " ind2=" " tag="500"><subfield code="a">Part of the Arabic Collections Online (ACO) project, contributed by Cornell University Libraries.</subfield></datafield><datafield ind1="1" ind2=" " tag="505"><subfield code="a">Qism 1. Ta&#772;ri&#772;kh al-S&#803;a&#772;bi&#700;i&#772;n wa-tasmiyatuhum wa-&#699;a&#772;da&#772;tuhum wa-taqa&#772;li&#772;duhum wa-sha&#699;a&#772;iruhum Mara&#772;ji&#699; (p. 392-397).</subfield></datafield><datafield ind1=" " ind2=" " tag="533"><subfield code="a">Electronic reproduction.</subfield><subfield code="b">New York, N.Y. :</subfield><subfield code="c">New York University,</subfield><subfield code="d">2015.</subfield><subfield code="5">NNU</subfield></datafield><datafield ind1=" " ind2="0" tag="650"><subfield code="a">Mandaeans.</subfield></datafield><datafield ind1=" " ind2="7" tag="650"><subfield code="a">Mandaeans.</subfield><subfield code="2">fast</subfield><subfield code="0">(OCoLC)fst01007407</subfield></datafield><datafield ind1="1" ind2=" " tag="700"><subfield code="a">Badawi&#772;, Na&#699;i&#772;m,</subfield><subfield code="d">1911-</subfield></datafield><datafield ind1="1" ind2=" " tag="700"><subfield code="a">Ru&#772;mi&#772;, Ghad&#803;ba&#772;n,</subfield><subfield code="d">1905-</subfield></datafield><datafield ind1="2" ind2=" " tag="710"><subfield code="a">Cornell University.</subfield><subfield code="b">Libraries.</subfield></datafield><datafield ind1="0" ind2=" " tag="730"><subfield code="a">Arabic Collections Online.</subfield></datafield><datafield ind1="0" ind2="8" tag="776"><subfield code="i">Online version:</subfield><subfield code="a">Drower, E.S. (Ethel Stefana), Lady, b. 1879.</subfield><subfield code="t">S&#803;a&#772;bi&#700;ah al-Manda&#772;&#700;i&#772;yu&#772;n.</subfield><subfield code="d">Baghda&#772;d, Maktabat al-Andalus, 1969-</subfield><subfield code="w">(OCoLC)761472528</subfield></datafield><datafield ind1="0" ind2="8" tag="776"><subfield code="i">Print version:</subfield><subfield code="a">Drower, E. S. (Ethel Stefana), Lady, 1879-1972.</subfield><subfield code="t">al-S&#803;a&#772;bi&#700;ah al-Manda&#772;&#700;i&#772;yu&#772;n</subfield><subfield code="w">(NIC)4510848</subfield><subfield code="w">(DLC)   75961872 </subfield><subfield code="w">(OCoLC)17504241</subfield></datafield><datafield ind1="4" ind2="0" tag="856"><subfield code="u">http://hdl.handle.net/2333.1/7pvmcxrg</subfield></datafield><datafield ind1="1" ind2="2" tag="880"><subfield code="6">245-01/r</subfield><subfield code="a">&#1575;&#1604;&#1589;&#1575;&#1576;&#1574;&#1577; &#1575;&#1604;&#1605;&#1606;&#1583;&#1575;&#1574;&#1610;&#1608;&#1606;&#1548;</subfield><subfield code="b">&#1578;&#1571;&#1604;&#1610;&#1601; &#1575;&#1604;&#1604;&#1610;&#1583;&#1610; &#1583;&#1585;&#1575;&#1608;&#1608;&#1585;. &#1578;&#1585;&#1580;&#1605;&#1577; &#1606;&#1593;&#1610;&#1605; &#1576;&#1583;&#1608;&#1610; &#1608;&#1594;&#1590;&#1576;&#1575;&#1606; &#1585;&#1608;&#1605;&#1610;.</subfield></datafield><datafield ind1=" " ind2=" " tag="880"><subfield code="6">260-02/r</subfield><subfield code="a">&#1576;&#1594;&#1583;&#1575;&#1583;&#1548;</subfield><subfield code="b">&#1605;&#1603;&#1578;&#1576; &#1575;&#1604;&#1575;&#1606;&#1583;&#1604;&#1587;&#1548;</subfield><subfield code="c">1969-</subfield></datafield><datafield ind1="1" ind2=" " tag="880"><subfield code="6">700-00/r</subfield><subfield code="a">&#1576;&#1583;&#1608;&#1610;&#1548; &#1606;&#1593;&#1610;&#1605;.</subfield></datafield><datafield ind1="1" ind2=" " tag="880"><subfield code="6">700-00/r</subfield><subfield code="a">&#1585;&#1608;&#1605;&#1610;&#1548; &#1594;&#1590;&#1576;&#1575;&#1606;.</subfield></datafield><datafield ind1=" " ind2=" " tag="959"><subfield code="a">NNU</subfield><subfield code="b">WEB</subfield><subfield code="c">GENI</subfield><subfield code="t">0</subfield><subfield code="m">Electronic access</subfield><subfield code="s">01</subfield></datafield><datafield ind1=" " ind2=" " tag="999"><subfield code="i">NIC_4510848</subfield><subfield code="o">(OCoLC)ocm17504241 </subfield><subfield code="s">cornell_aco000338</subfield><subfield code="e">(ERROR-880)</subfield></datafield></record>